@book{goodfellow2016deep,
	title={Deep Learning},
	author={Ian Goodfellow and Yoshua Bengio and Aaron Courville},
	publisher={MIT Press},
	note={\url{http://www.deeplearningbook.org}},
	year={2016}
}

@article{mitchell1997machine,
	title={Machine learning. 1997},
	author={Mitchell, Tom M and others},
	journal={Burr Ridge, IL: McGraw Hill},
	volume={45},
	number={37},
	pages={870--877},
	year={1997}
}

@book{simon2013big,
  title={Too big to ignore: the business case for big data},
  author={Simon, Phil},
  volume={72},
  year={2013},
  publisher={John Wiley \& Sons}
}
